@INPROCEEDINGS{kim2023dj,
  title={DJ StructFreak: Automatic DJ system Built with Music Structure Embeddings},
  author={Kim, Taejun and Nam, Juhan},
  booktitle={Ismir 2023 Hybrid Conference},
  year={2023}
}

@INPROCEEDINGS{kim2023all,
  title={All-in-one metrical and functional structure analysis with neighborhood attentions on demixed audio},
  author={Kim, Taejun and Nam, Juhan},
  booktitle={2023 IEEE Workshop on Applications of Signal Processing to Audio and Acoustics (WASPAA)},
  pages={1--5},
  year={2023},
  organization={IEEE}
}


@ARTICLE{Hung2022,
  title={A Large TV Dataset for Speech and Music Activity Detection},
  author={Hung, Yun-Ning and Wu, Chih-Wei and Orife, Iroro and Hipple, Aaron and Wolcott, William and Lerch, Alexander},
  journal={EURASIP Journal on Audio, Speech, and Music Processing},
  volume={2022},
  number={1},
  pages={21},
  year={2022},
  publisher={Springer}
}

@misc{elizalde2022claplearningaudioconcepts,
      title={CLAP: Learning Audio Concepts From Natural Language Supervision}, 
      author={Benjamin Elizalde and Soham Deshmukh and Mahmoud Al Ismail and Huaming Wang},
      year={2022},
      eprint={2206.04769},
      archivePrefix={arXiv},
      primaryClass={cs.SD},
      url={https://arxiv.org/abs/2206.04769}, 
}

@ARTICLE{kim2017automatic,
  title={Automatic DJ mix generation using highlight detection},
  author={Kim, Adrian and Park, Soram and Park, Jangyeon and Ha, Jung-Woo and Kwon, Taegyun and Nam, Juhan},
  journal={Proc. ISMIR, late-breaking demo paper},
  year={2017}
}

@ARTICLE{huang2017djnet,
  title={DJnet: A dream for making an automatic DJ},
  author={Huang, Yu-Siang and Chou, Szu-Yu and Yang, Yi-Hsuan}
  year={2017}
}

@INPROCEEDINGS{bittner2017automatic,
  title={Automatic Playlist Sequencing and Transitions.},
  author={Bittner, Rachel M and Gu, Minwei and Hernandez, Gandalf and Humphrey, Eric J and Jehan, Tristan and Montecchio, Nicola}
}


@INPROCEEDINGS{nieto2016systematic,
  title={Systematic exploration of computational music structure research.},
  author={Nieto, Oriol and Bello, Juan Pablo},
  booktitle={ISMIR},
  pages={547--553},
  year={2016}
}