% This file was created with JabRef 2.10.
% Encoding: UTF-8


@INPROCEEDINGS{kim2023dj,
  title={DJ StructFreak: Automatic DJ system Built with Music Structure Embeddings},
  author={Kim, Taejun and Nam, Juhan},
  booktitle={Ismir 2023 Hybrid Conference},
  year={2023}
}

@INPROCEEDINGS{kim2023all,
  title={All-in-one metrical and functional structure analysis with neighborhood attentions on demixed audio},
  author={Kim, Taejun and Nam, Juhan},
  booktitle={2023 IEEE Workshop on Applications of Signal Processing to Audio and Acoustics (WASPAA)},
  pages={1--5},
  year={2023},
  organization={IEEE}
}

@INPROCEEDINGS{WuClap2023,
  author={Wu, Yusong and Chen, Ke and Zhang, Tianyu and Hui, Yuchen and Berg-Kirkpatrick, Taylor and Dubnov, Shlomo},
  booktitle={ICASSP 2023 - 2023 IEEE International Conference on Acoustics, Speech and Signal Processing (ICASSP)}, 
  title={Large-Scale Contrastive Language-Audio Pretraining with Feature Fusion and Keyword-to-Caption Augmentation}, 
  year={2023},
  volume={},
  number={},
  pages={1-5},
  keywords={Representation learning;Soft sensors;Pipelines;Natural languages;Signal processing;Acoustics;Task analysis;Contrastive Learning;Representation Learning;Text-to-Audio Retrieval;Audio Classification;Audio Dataset},
  doi={10.1109/ICASSP49357.2023.10095969}
  }


@ARTICLE{Hung2022,
  title={A Large TV Dataset for Speech and Music Activity Detection},
  author={Hung, Yun-Ning and Wu, Chih-Wei and Orife, Iroro and Hipple, Aaron and Wolcott, William and Lerch, Alexander},
  journal={EURASIP Journal on Audio, Speech, and Music Processing},
  volume={2022},
  number={1},
  pages={21},
  year={2022},
  publisher={Springer}
}

@misc{elizalde2022claplearningaudioconcepts,
      title={CLAP: Learning Audio Concepts From Natural Language Supervision}, 
      author={Benjamin Elizalde and Soham Deshmukh and Mahmoud Al Ismail and Huaming Wang},
      year={2022},
      eprint={2206.04769},
      archivePrefix={arXiv},
      primaryClass={cs.SD},
      url={https://arxiv.org/abs/2206.04769}, 
}

@ARTICLE{kim2017automatic,
  title={Automatic DJ mix generation using highlight detection},
  author={Kim, Adrian and Park, Soram and Park, Jangyeon and Ha, Jung-Woo and Kwon, Taegyun and Nam, Juhan},
  journal={Proc. ISMIR, late-breaking demo paper},
  year={2017}
}

@ARTICLE{huang2017djnet,
  title={DJnet: A dream for making an automatic DJ},
  author={Huang, Yu-Siang and Chou, Szu-Yu and Yang, Yi-Hsuan}
  year={2017}
}

@INPROCEEDINGS{bittner2017automatic,
  title={Automatic Playlist Sequencing and Transitions.},
  author={Bittner, Rachel M and Gu, Minwei and Hernandez, Gandalf and Humphrey, Eric J and Jehan, Tristan and Montecchio, Nicola}
}


@INPROCEEDINGS{nieto2016systematic,
  title={Systematic exploration of computational music structure research.},
  author={Nieto, Oriol and Bello, Juan Pablo},
  booktitle={ISMIR},
  pages={547--553},
  year={2016}
}

@INCOLLECTION{MSS00401998,
        AUTHOR = {{\relax DJ} Ash and {\relax DJ} Vern},
        TITLE = {Squeeze}, 
        BOOKTITLE = {Toasted: Massive Ragga Jungle}, 
        ADDRESS = {New York City, USA}, 
        PUBLISHER = {Mutant Sound System}, 
        CHAPTER = {12}, 
        YEAR = {1998}
}

@misc{91vocals2024,
  author = {91Vocals},
  title = {Vocal Packs, Premium Vocal Hooks},
  howpublished = {https://91vocals.com/en-us/collections/vocal-hooks},
  note = {Accessed: 2024-10-04}
}
